@article{bezanson2017julia,
  title={Julia: A fresh approach to numerical computing},
  author={Bezanson, Jeff and Edelman, Alan and Karpinski, Stefan and Shah, Viral B},
  journal={SIAM review},
  volume={59},
  number={1},
  pages={65--98},
  year={2017},
  publisher={SIAM},
  doi={10.1137/141000671}
}

@INPROCEEDINGS{wse_stencil,
  author={Rocki, Kamil and Essendelft, Dirk Van and Sharapov, Ilya and Schreiber, Robert and Morrison, Michael and Kibardin, Vladimir and Portnoy, Andrey and Dietiker, Jean Francois and Syamlal, Madhava and James, Michael},  
  booktitle={SC20: International Conference for High Performance Computing, Networking, Storage and Analysis},   
  title={Fast Stencil-Code Computation on a Wafer-Scale Processor},   
  year={2020},  
  volume={},  
  number={},  
  pages={1-14},  
  doi={10.1109/SC41405.2020.00062}
}

@article{parallelstencil2022,
  author={Omlin, S. and R{\"{a}}ss, L.},
  doi = {???},
  journal = {Proc. JuliaCon Conf.},
  title = {{H}igh-performance x{PU} {S}tencil {C}omputations in {J}ulia},
  volume = {?},
  pages = {2},
  year = {2022},
}

@inproceedings{byrne2021mpi,
  title={{MPI}.jl: {J}ulia bindings for the {M}essage {P}assing {I}nterface},
  author={Byrne, S. and Wilcox, L. C. and Churavy, V.},
  booktitle={Proceedings of the JuliaCon Conferences},
  volume={1},
  pages={68},
  year={2021},
  doi={10.21105/jcon.00068},
  note={\url{https://github.com/JuliaParallel/MPI.jl}}
}

@article{besard2018effective,
  title={Effective extensible programming: unleashing {J}ulia on {GPUs}},
  author={Besard, T. and Foket, C. and De Sutter, B.},
  journal={IEEE Transactions on Parallel and Distributed Systems},
  volume={30},
  number={4},
  pages={827--841},
  year={2018},
  publisher={IEEE},
  doi={10.1109/TPDS.2018.2872064},
}

@misc{amdgpu_jl,
  title={{AMDGPU.jl}: {AMD} {GPU} ({ROC}m) programming in {J}ulia },
  author={Samaroo, J. and Besard, T. and Churavy, V. and Lin, D. and other contributors},
  year={2013},
  howpublished={\url{https://github.com/JuliaGPU/AMDGPU.jl}}
}

@online{juliacon2020scaling,
  title={{Solving Nonlinear Multi-Physics on GPU Supercomputers with Julia}},
  author={Omlin, S and R{\"{a}}ss, L and Kwasniewski, G and Malvoisin, B  and Podladchikov, Y Y},
  howpublished={\url{https://youtu.be/vPsfZUqI4_0}. JuliaCon conference},
  location={virtual},
  year={2020},
}

@online{pasc21,
  title={{Solving Nonlinear Partial Differential Equations on GPU Supercomputers Using Julia}},
  author={Omlin, S. and R{\"{a}}ss, L. and Keepfer, N. and Kwasniewski, G. and Malvoisin, B.  and Podladchikov, Y. Y.},
  howpublished={PASC21 conference},
  location={virtual},
  year={2021},
}